
%sample book citation

@book{Tufte2006,
	author = {Edward R. Tufte},
	title = {Beautiful Evidence},
	year = {2006},
	publisher = {Graphics Press, {LLC}},
	month = {May},
	edition = {First},
	place = {Cheshire, Connecticut},
	isbn = {0-9613921-7-7}
}

% sample article citation with "magazine" entry sub type

@chicagoExample{chicago-example,
author={B. McGrath},
title={{Search and Destroy: Nick Denton's Blog Empire}},
journaltitle={The New Yorker},
entrysubtype = {magazine},
year={18 Oct. 2010},
url={http://www.newyorker.com/magazine/2010/10/18/search-and-destroy-2}
}

@misc{LaTeXLists,
	title={\href{https://en.wikibooks.org/wiki/LaTeX/List_Structures}{\LaTeX{}/List Structures}},
	year={2014},
	publisher = {WikiBooks},
	note={\url{https://en.wikibooks.org/wiki/LaTeX/List_Structures}}
}

@misc{DiffieHellmanExchangeVideo,
title = {\href{http://www.youtube.com/watch?v=U62S8SchxX4}{49 Journalists Killed in 2014/Motive Confirmed}},
author = {Chris Bishop},
journal = {Royal Institution Christmas Lectures, Lecture 4},
year = {2008}
}


%sample for a news article

@article{LibelousTweets,
title = {{What journalists need to know about libelous tweets}},
author = {Mallary Jean Tenore},
note = {\url{http://www.poynter.org/news/mediawire/141987/what-journalists-need-to-know-about-libelous-tweets/}},
journal = {Poynter}, 
year = {8/14/11}	
}

%sample journal article

@article{CleanOS,
title = {\href{http://www.cs.columbia.edu/~roxana/research/projects/cleanos/osdi2012cleanos.pdf}{CleanOS: Limiting Mobile Data Exposure with Idle Eviction}},
author = {Yang Tang and Phillip Ames and Sravan Bhamidipati and Ashish Bijlani and Roxana Geambasu and Nikhil Sarda},
journal = {usenix;login:},
volume = {38},
number = {1},
year = {2012}
}


%sample conference proceedings

@inproceedings{blackhat-asia,
 author={Morgan Marquis-Boire and Shane Huntley}, 
 title={{Tomorrow's News is Today's Intel: Journalists as Targets and Compromise Vectors}},
 booktitle={{Black Hat Asia 2014}},
 month=mar,
 year=2014,
 note={\url{https://www.blackhat.com/docs/asia-14/materials/Huntley/BH_Asia_2014_Boire_Huntley.pdf}}
}





